<record><leader>00000cas a22000007a 4500</leader><controlfield tag="001">17445409</controlfield><controlfield tag="008">880208d19681975nyuwr ne      0    0eng d</controlfield><datafield ind1=" " ind2=" " tag="010"><subfield code="a">sn 88074131 </subfield></datafield><datafield ind1=" " ind2=" " tag="040"><subfield code="a">NYS</subfield><subfield code="b">eng</subfield><subfield code="c">NYS</subfield><subfield code="d">OCLCQ</subfield><subfield code="d">NYG</subfield><subfield code="d">OCLCQ</subfield></datafield><datafield ind1=" " ind2=" " tag="042"><subfield code="a">msc</subfield></datafield><datafield ind1="0" ind2=" " tag="130"><subfield code="a">Suburban journal (Latham, N.Y.)</subfield></datafield><datafield ind1="1" ind2="0" tag="245"><subfield code="a">Suburban journal.</subfield></datafield><datafield ind1=" " ind2=" " tag="260"><subfield code="a">Latham, N.Y. :</subfield><subfield code="b">C.H. Grose</subfield></datafield><datafield ind1=" " ind2=" " tag="300"><subfield code="a">v.</subfield></datafield><datafield ind1=" " ind2=" " tag="310"><subfield code="a">Weekly</subfield></datafield><datafield ind1="0" ind2=" " tag="362"><subfield code="a">Vol. 17, no. 17 (July 25, 1968)-v. 23, no. 49 (Mar. 5, 1975).</subfield></datafield><datafield ind1=" " ind2=" " tag="500"><subfield code="a">Publisher: Journal Newspapers, Ballston Spa, N.Y., 1972-1975.</subfield></datafield><datafield ind1=" " ind2="4" tag="651"><subfield code="a">Latham (N.Y.)</subfield><subfield code="v">Newspapers.</subfield></datafield><datafield ind1=" " ind2="4" tag="651"><subfield code="a">Ballston Spa (N.Y.)</subfield><subfield code="v">Newspapers.</subfield></datafield><datafield ind1=" " ind2=" " tag="752"><subfield code="a">United States</subfield><subfield code="b">New York</subfield><subfield code="c">Albany</subfield><subfield code="d">Latham.</subfield></datafield><datafield ind1=" " ind2=" " tag="752"><subfield code="a">United States</subfield><subfield code="b">New York</subfield><subfield code="c">Saratoga</subfield><subfield code="d">Ballston Spa.</subfield></datafield><datafield ind1="0" ind2="4" tag="780"><subfield code="t">Latham-Colonie news</subfield><subfield code="w">(DLC)sn 88074089</subfield><subfield code="w">(OCoLC)17472351</subfield></datafield><datafield ind1="0" ind2="4" tag="780"><subfield code="t">Suburban weekly</subfield><subfield code="w">(DLC)sn 88074440</subfield><subfield code="w">(OCoLC)18035887</subfield></datafield><datafield ind1="0" ind2="0" tag="785"><subfield code="t">Latham-Colonie journal</subfield><subfield code="w">(DLC)sn 88074062</subfield><subfield code="w">(OCoLC)17445506</subfield></datafield><datafield ind1="1" ind2=" " tag="029"><subfield code="a">AU@</subfield><subfield code="b">000025830552</subfield></datafield></record>